<?xml version="1.0" encoding="UTF-8"?><record xmlns="http://www.loc.gov/MARC21/slim" xmlns:cinclude="http://apache.org/cocoon/include/1.0" xmlns:zs="http://www.loc.gov/zing/srw/">
  <leader>00982cz  a2200169n  4500</leader>
  <controlfield tag="001">n  84154946 </controlfield>
  <controlfield tag="003">DLC</controlfield>
  <controlfield tag="005">19920604143512.2</controlfield>
  <controlfield tag="008">841018n| acannaab|          |a ana |||  </controlfield>
  <datafield tag="010" ind1=" " ind2=" ">
    <subfield code="a">n  84154946 </subfield>
  </datafield>
  <datafield tag="040" ind1=" " ind2=" ">
    <subfield code="a">DLC</subfield>
    <subfield code="c">DLC</subfield>
    <subfield code="d">DLC</subfield>
    <subfield code="d">DLC</subfield>
  </datafield>
  <datafield tag="110" ind1="2" ind2="0">
    <subfield code="a">Nauchno-issledovatelʹskiĭ muzeĭ (Akademii︠a︡ khudozhestv SSSR)</subfield>
  </datafield>
  <datafield tag="410" ind1="2" ind2="0">
    <subfield code="a">Nauchno-issledovatelʹskiĭ muzeĭ Akademii khudozhestv SSSR</subfield>
  </datafield>
  <datafield tag="410" ind1="2" ind2="0">
    <subfield code="a">Akademii︠a︡ khudozhestv SSSR.</subfield>
    <subfield code="b">Nauchno-issledovatelʹskiĭ muzeĭ</subfield>
  </datafield>
  <datafield tag="410" ind1="2" ind2="0">
    <subfield code="a">Muzeum Naukowo-Badawcze (Akademii︠a︡ khudozhestv SSSR)</subfield>
  </datafield>
  <datafield tag="670" ind1=" " ind2=" ">
    <subfield code="a">Kustodiev, B.M. Boris Mikhaĭlovich Kustodiev, 1978:</subfield>
    <subfield code="b">p. preceding t.p. (Akademii︠a︡ khudozhestv SSSR. Nauchno-issledovatelʹskiĭ muzeĭ) verso t.p. (Nauchno-issledovatelʹskogo muzei︠a︡ Akademii khudozhestv SSSR)</subfield>
  </datafield>
  <datafield tag="670" ind1=" " ind2=" ">
    <subfield code="a">Polscy uczniowie Akademii Sztuk Pięknych w Petersburgu w XIX i na początku XX wieku, 1989:</subfield>
    <subfield code="b">verso t.p. (Muzeum Naukowo-Badawczego Akademii Sztuk Pięknych ZSRR w Leningradzie)</subfield>
  </datafield>
</record>